@article{PhysRevLett.95.226801,
  title = {Quantum Spin Hall Effect in Graphene},
  author = {Kane, C. L. and Mele, E. J.},
  journal = {Phys. Rev. Lett.},
  volume = {95},
  issue = {22},
  pages = {226801},
  numpages = {4},
  year = {2005},
  month = {Nov},
  publisher = {American Physical Society},
  doi = {10.1103/PhysRevLett.95.226801},
  url = {https://link.aps.org/doi/10.1103/PhysRevLett.95.226801}
}

@article{PhysRevLett.96.106802,
  title = {Quantum Spin Hall Effect},
  author = {Bernevig, B. Andrei and Zhang, Shou-Cheng},
  journal = {Phys. Rev. Lett.},
  volume = {96},
  issue = {10},
  pages = {106802},
  numpages = {4},
  year = {2006},
  month = {Mar},
  publisher = {American Physical Society},
  doi = {10.1103/PhysRevLett.96.106802},
  url = {https://link.aps.org/doi/10.1103/PhysRevLett.96.106802}
}

@article{PhysRevLett.61.2015,
  title = {Model for a Quantum Hall Effect without Landau Levels: Condensed-Matter Realization of the "Parity Anomaly"},
  author = {Haldane, F. D. M.},
  journal = {Phys. Rev. Lett.},
  volume = {61},
  issue = {18},
  pages = {2015--2018},
  numpages = {0},
  year = {1988},
  month = {Oct},
  publisher = {American Physical Society},
  doi = {10.1103/PhysRevLett.61.2015},
  url = {https://link.aps.org/doi/10.1103/PhysRevLett.61.2015}
}

